LDR  00982nam  2200265Ka 45  
001  ocm49251955 
003  OCoLC
005  20020306113542.0
008  020306s2000    caua     b    000 0 eng d
040       $a WCA $c WCA
037       $b Bay Institute of San Francisco, 500 Palm Drive, Suite 200, Novato, CA 94949; http:www.bay.org
043       $a n-us-ca
099   9   $a G432 $a P-10 $a Locked $a Cage
049       $a WCAA
100  1    $a Pawley, Anitra.
260       $a Novato, Calif. : $b Bay Institute of San Francisco, $c [2000]
300       $a v, 120 p. : $b ill. ; $c 28 cm.
500       $a RECORD LACKS 245 FIELD; ADD 998 FIELD WITH ERROR MESSAGE
504       $a Includes bibliographical references (p. 57)
610  20   $a CALFED Bay-Delta Program $x Evaluation.
650   0   $a Restoration ecology $z California $z Delta Region.
710  2    $a Bay Institute of San Francisco.
852       $a WCA $b WCAA $j G432 P-10 Locked Cage
901       $a WCA $b 49251955
998       $a WCA $b 1002 $c Record contains no 245 field $d Release-027-000 $e 49251955

Record 6
